<?xml version="1.0" encoding="UTF-8"?><collection xmlns="http://www.loc.gov/MARC21/slim"><record><leader>00345nam--2200133-i-4500</leader><controlfield tag="001">000008981</controlfield><controlfield tag="002">20161230</controlfield><controlfield tag="005">20161230201028</controlfield><controlfield tag="008">060222s1000------------r-----000-0-eng-d</controlfield><datafield ind1=" " ind2=" " tag="245"><subfield code="a">Proceedings.</subfield></datafield><datafield ind1=" " ind2=" " tag="260"><subfield code="a">Oak Ridge, Oak Ridge National Laboratory,1967, Viii + /522-964/P</subfield></datafield><datafield ind1=" " ind2=" " tag="490"><subfield code="a">(Ornl-iic-10)</subfield></datafield><datafield ind1=" " ind2=" " tag="700"><subfield code="a">Baker, Philip S</subfield></datafield><datafield ind1=" " ind2=" " tag="852"><subfield code="a">539.122</subfield></datafield></record></collection>